<record><leader>00000cas a22000007a 4500</leader><controlfield tag="001">16896509</controlfield><controlfield tag="008">871026d18941912ohuwr ne      0    0eng d</controlfield><datafield ind1=" " ind2=" " tag="010"><subfield code="a">sn 87075174 </subfield></datafield><datafield ind1=" " ind2=" " tag="040"><subfield code="a">ONP</subfield><subfield code="b">eng</subfield><subfield code="c">ONP</subfield><subfield code="d">OCLCQ</subfield></datafield><datafield ind1=" " ind2=" " tag="042"><subfield code="a">msc</subfield></datafield><datafield ind1="0" ind2=" " tag="130"><subfield code="a">Vinton County Republican (McArthur, Ohio : 1894)</subfield></datafield><datafield ind1="1" ind2="0" tag="245"><subfield code="a">Vinton County Republican.</subfield></datafield><datafield ind1=" " ind2=" " tag="260"><subfield code="a">McArthur, Ohio :</subfield><subfield code="b">J.H. Snodgrass,</subfield><subfield code="c">1894-1912.</subfield></datafield><datafield ind1=" " ind2=" " tag="310"><subfield code="a">Weekly</subfield></datafield><datafield ind1="0" ind2=" " tag="362"><subfield code="a">Vol. 1, no. 1 (Jan. 11, 1894)-v. 19, no. 9 (Feb. 29, 1912).</subfield></datafield><datafield ind1=" " ind2=" " tag="752"><subfield code="a">United States</subfield><subfield code="b">Ohio</subfield><subfield code="c">Vinton</subfield><subfield code="d">McArthur.</subfield></datafield><datafield ind1="0" ind2="7" tag="785"><subfield code="t">McArthur tribune</subfield><subfield code="w">(DLC)sn 87075173</subfield></datafield><datafield ind1="0" ind2="7" tag="785"><subfield code="t">Republican tribune</subfield><subfield code="w">(DLC)sn 87075175</subfield></datafield></record>